@article{article:1,
    author = {Hassija, Vikas and Chamola, Vinay and Saxena, Vikas and Jain, Divyansh and Goyal, Pranav and Sikdar, Biplab},
    year = {2019},
    month = {06},
    pages = {1-1},
    title = {A Survey on IoT Security: Application Areas, Security Threats, and Solution Architectures},
    volume = {PP},
    journal = {IEEE Access},
    doi = {10.1109/ACCESS.2019.2924045}
}

@article{article:2,
    title = {Real-time anomaly detection systems for Denial-of-Service attacks by weighted k-nearest-neighbor classifiers},
    journal = {Expert Systems with Applications},
    volume = {38},
    number = {4},
    pages = {3492-3498},
    year = {2011},
    issn = {0957-4174},
    doi = {https://doi.org/10.1016/j.eswa.2010.08.137},
    url = {https://www.sciencedirect.com/science/article/pii/S0957417410009450},
    author = {Ming-Yang Su},
}

@article{article:3,
    author = {Su, Jiawei and Vargas, Danilo and Prasad, Sanjiva and Sgandurra, Daniele and Feng, Yaokai and Sakurai, Kouichi},
    year = {2018},
    month = {02},
    pages = {},
    title = {Lightweight Classification of IoT Malware based on Image Recognition}
}

@inproceedings{inproceedings:1,
    author = {Doshi, Rohan and Apthorpe, Noah and Feamster, Nick},
    year = {2018},
    month = {05},
    pages = {29-35},
    title = {Machine Learning DDoS Detection for Consumer Internet of Things Devices},
    doi = {10.1109/SPW.2018.00013}
}

@article{article:4,
    author = {Meidan, Yair and Bohadana, Michael and Mathov, Yael and Mirsky, Yisroel and Shabtai, Asaf and Breitenbacher, Dominik and Elovici, Yuval},
    year = {2018},
    month = {07},
    pages = {12-22},
    title = {N-BaIoT—Network-Based Detection of IoT Botnet Attacks Using Deep Autoencoders},
    volume = {17},
    journal = {IEEE Pervasive Computing},
    doi = {10.1109/MPRV.2018.03367731}
}

@ARTICLE{article:5,
    author = {Al-Garadi, Mohammed Ali and Mohamed, Amr and Al-Ali, Abdulla Khalid and Du, Xiaojiang and Ali, Ihsan and Guizani, Mohsen},
    journal = {IEEE Communications Surveys \& Tutorials},
    title = {A Survey of Machine and Deep Learning Methods for Internet of Things (IoT) Security},
    year = {2020},
    volume = {22},
    number = {3},
    pages = {1646-1685},
    doi = {10.1109/COMST.2020.2988293}
}

@misc{article:6,
    doi = {10.48550/ARXIV.2104.02231},

    url = {https://arxiv.org/abs/2104.02231},

    author = {Pokhrel, Satish and Abbas, Robert and Aryal, Bhulok},

    keywords = {Machine Learning (cs.LG), FOS: Computer and information sciences, FOS: Computer and information sciences},

    title = {IoT Security: Botnet detection in IoT using Machine learning},

    publisher = {arXiv},

    year = {2021},

    copyright = {Creative Commons Attribution Share Alike 4.0 International}
}

@article{article:7,
    author = {Nataraj, Lakshmanan and Karthikeyan, Shanmugavadivel and Jacob, Grégoire and Manjunath, B.},
    year = {2011},
    month = {07},
    pages = {},
    title = {Malware Images: Visualization and Automatic Classification},
    doi = {10.1145/2016904.2016908}
}

@article{article:8,
    author = {De Donno, Michele and Dragoni, Nicola and Giaretta, Alberto and Spognardi, Angelo},
    year = {2018},
    month = {02},
    pages = {1-30},
    title = {DDoS-Capable IoT Malwares: Comparative Analysis and Mirai Investigation},
    volume = {2018},
    journal = {Security and Communication Networks},
    doi = {10.1155/2018/7178164}
}

@article{article:9,
    author = {Hassija, Vikas and Chamola, Vinay and Saxena, Vikas and Jain, Divyansh and Goyal, Pranav and Sikdar, Biplab},
    year = {2019},
    month = {06},
    pages = {1-1},
    title = {A Survey on IoT Security: Application Areas, Security Threats, and Solution Architectures},
    volume = {PP},
    journal = {IEEE Access},
    doi = {10.1109/ACCESS.2019.2924045}
}

@article{article:10,
    author = {Cvitić, Ivan and Perakovic, Dragan and Gupta, B B and Choo, Kim-Kwang Raymond},
    year = {2021},
    month = {06},
    pages = {1-1},
    title = {Boosting-Based DDoS Detection in Internet of Things Systems},
    volume = {PP},
    journal = {IEEE Internet of Things Journal},
    doi = {10.1109/JIOT.2021.3090909}
}

@INPROCEEDINGS{article:11,
    author = {Aysa, Mahdi Hassan and Ibrahim, Abdullahi Abdu and Mohammed, Alaa Hamid},
    booktitle = {2020 4th International Symposium on Multidisciplinary Studies and Innovative Technologies (ISMSIT)},
    title = {IoT Ddos Attack Detection Using Machine Learning},
    year = {2020},
    volume = {},
    number = {},
    pages = {1-7},
    doi = {10.1109/ISMSIT50672.2020.9254703}
}

@inproceedings{article:12,
    author = {Jerkins, James},
    year = {2017},
    month = {01},
    pages = {1-5},
    title = {Motivating a market or regulatory solution to IoT insecurity with the Mirai botnet code},
    doi = {10.1109/CCWC.2017.7868464}
}

@article{article:13,
    author = {Saied, Alan and Overill, Richard and Radzik, Tomasz},
    year = {2015},
    month = {08},
    pages = {},
    title = {Detection of known and unknown DDoS attacks using Artificial Neural Networks},
    volume = {172},
    journal = {Neurocomputing},
    doi = {10.1016/j.neucom.2015.04.101}
}

@article{article:14,
    author = {Vishwakarma, Ruchi and Jain, Ankit},
    year = {2020},
    month = {01},
    pages = {},
    title = {A survey of DDoS attacking techniques and defence mechanisms in the IoT network},
    volume = {73},
    journal = {Telecommunication Systems},
    doi = {10.1007/s11235-019-00599-z}
}

@inproceedings{article:15,
    author = {McDermott, Christopher and Majdani, Farzan and Petrovski, Andrei},
    year = {2018},
    month = {08},
    pages = {},
    title = {Botnet Detection in the Internet of Things using Deep Learning Approaches},
    doi = {10.1109/IJCNN.2018.8489489}
}

@article{article:16,
    author = {Kolias, Constantinos and Kambourakis, Georgios and Stavrou, Angelos and Voas, Jeffrey},
    year = {2017},
    month = {01},
    pages = {80-84},
    title = {DDoS in the IoT: Mirai and other botnets},
    volume = {50},
    journal = {Computer},
    doi = {10.1109/MC.2017.201}
}

@article{article:17,
    author = {Diro, Abebe and Chilamkurti, Naveen},
    year = {2017},
    month = {09},
    pages = {},
    title = {Distributed attack detection scheme using deep learning approach for Internet of Things},
    volume = {82},
    journal = {Future Generation Computer Systems},
    doi = {10.1016/j.future.2017.08.043}
}

@article{article:18,
    author = {Berman, Daniel and Buczak, Anna and Chavis, Jeffrey and Corbett, Cherita},
    year = {2019},
    month = {04},
    pages = {122},
    title = {A Survey of Deep Learning Methods for Cyber Security},
    volume = {10},
    journal = {Information},
    doi = {10.3390/info10040122}
}

@inproceedings{inproceedings:19,
    author = {Mizuno, Sho and Hatada, Mitsuhiro and Mori, Tatsuya and Goto, Shigeki},
    year = {2017},
    month = {05},
    pages = {1-7},
    title = {BotDetector: A robust and scalable approach toward detecting malware-infected devices},
    doi = {10.1109/ICC.2017.7997372}
}

@book{Goodfellow-et-al-2016,
    title = {Deep Learning},
    author = {Ian Goodfellow and Yoshua Bengio and Aaron Courville},
    publisher = {MIT Press},
    url = {http://www.deeplearningbook.org},
    year = {2016}
}

@article{AMARI1993185,
    title = {Backpropagation and stochastic gradient descent method},
    journal = {Neurocomputing},
    volume = {5},
    number = {4},
    pages = {185-196},
    year = {1993},
    issn = {0925-2312},
    doi = {https://doi.org/10.1016/0925-2312(93)90006-O},
    url = {https://www.sciencedirect.com/science/article/pii/092523129390006O},
    author = {Shun-ichi Amari},
}

@article{lecun1995convolutional,
    title = {Convolutional networks for images, speech, and time series},
    author = {LeCun, Yann and Bengio, Yoshua and others},
    journal = {The handbook of brain theory and neural networks},
    volume = {3361},
    number = {10},
    pages = {1995},
    year = {1995},
    publisher = {Cambridge, MA USA}
}

@inproceedings{ballard1987modular,
    title = {Modular learning in neural networks.},
    author = {Ballard, Dana H},
    booktitle = {Aaai},
    volume = {647},
    pages = {279--284},
    year = {1987}
}

@techreport{rumelhart1985learning,
    title = {Learning internal representations by error propagation},
    author = {Rumelhart, David E and Hinton, Geoffrey E and Williams, Ronald J},
    year = {1985},
    institution = {California Univ San Diego La Jolla Inst for Cognitive Science}
}

@article{sokolova2009systematic,
    title = {A systematic analysis of performance measures for classification tasks},
    author = {Sokolova, Marina and Lapalme, Guy},
    journal = {Information processing \& management},
    volume = {45},
    number = {4},
    pages = {427--437},
    year = {2009},
    publisher = {Elsevier}
}

@article{garcia2009study,
    title = {A study of statistical techniques and performance measures for genetics-based machine learning: accuracy and interpretability},
    author = {Garc{\'\i}a, Salvador and Fern{\'a}ndez, Alberto and Luengo, Juli{\'a}n and Herrera, Francisco},
    journal = {Soft Computing},
    volume = {13},
    number = {10},
    pages = {959--977},
    year = {2009},
    publisher = {Springer}
}

@inproceedings{taunk2019brief,
    title = {A brief review of nearest neighbor algorithm for learning and classification},
    author = {Taunk, Kashvi and De, Sanjukta and Verma, Srishti and Swetapadma, Aleena},
    booktitle = {2019 International Conference on Intelligent Computing and Control Systems (ICCS)},
    pages = {1255--1260},
    year = {2019},
    organization = {IEEE}
}

@article{xin2018machine,
    title = {Machine learning and deep learning methods for cybersecurity},
    author = {Xin, Yang and Kong, Lingshuang and Liu, Zhi and Chen, Yuling and Li, Yanmiao and Zhu, Hongliang and Gao, Mingcheng and Hou, Haixia and Wang, Chunhua},
    journal = {Ieee access},
    volume = {6},
    pages = {35365--35381},
    year = {2018},
    publisher = {IEEE}
}

@article{ravi2020learning,
    title = {Learning-driven detection and mitigation of DDoS attack in IoT via SDN-cloud architecture},
    author = {Ravi, Nagarathna and Shalinie, S Mercy},
    journal = {IEEE Internet of Things Journal},
    volume = {7},
    number = {4},
    pages = {3559--3570},
    year = {2020},
    publisher = {IEEE}
}

@article{sivanathan2018classifying,
    title = {Classifying IoT devices in smart environments using network traffic characteristics},
    author = {Sivanathan, Arunan and Gharakheili, Hassan Habibi and Loi, Franco and Radford, Adam and Wijenayake, Chamith and Vishwanath, Arun and Sivaraman, Vijay},
    journal = {IEEE Transactions on Mobile Computing},
    volume = {18},
    number = {8},
    pages = {1745--1759},
    year = {2018},
    publisher = {IEEE}
}

@article{cvitic2021novel,
    title = {Novel approach for detection of IoT generated DDoS traffic},
    author = {Cviti{\'c}, Ivan and Perakovi{\'c}, Dragan and Peri{\v{s}}a, Marko and Botica, Mate},
    journal = {Wireless Networks},
    volume = {27},
    number = {3},
    pages = {1573--1586},
    year = {2021},
    publisher = {Springer}
}

@article{lopez2017network,
    title = {Network traffic classifier with convolutional and recurrent neural networks for Internet of Things},
    author = {Lopez-Martin, Manuel and Carro, Belen and Sanchez-Esguevillas, Antonio and Lloret, Jaime},
    journal = {IEEE access},
    volume = {5},
    pages = {18042--18050},
    year = {2017},
    publisher = {IEEE}
}

@article{zargar2013survey,
    title = {A survey of defense mechanisms against distributed denial of service (DDoS) flooding attacks},
    author = {Zargar, Saman Taghavi and Joshi, James and Tipper, David},
    journal = {IEEE communications surveys \& tutorials},
    volume = {15},
    number = {4},
    pages = {2046--2069},
    year = {2013},
    publisher = {IEEE}
}

@MISC{ConvNet,
    author = {{Wikipedia, the free encyclopedia}},
    title = {Typical CNN architecture},
    year = {2015},
    note = {[Online; accessed June 28, 2022]},
    url = {https://en.wikipedia.org/wiki/Convolutional_neural_network#/media/File:Typical_cnn.png}
}

@inproceedings{damon2012hands,
    title = {Hands-on denial of service lab exercises using slowloris and rudy},
    author = {Damon, Evan and Dale, Julian and Laron, Evaristo and Mache, Jens and Land, Nathan and Weiss, Richard},
    booktitle = {proceedings of the 2012 information security curriculum development conference},
    pages = {21--29},
    year = {2012}
}

@inproceedings{torralba2003context,
    title = {Context-based vision system for place and object recognition},
    author = {Torralba, Antonio and Murphy, Kevin P and Freeman, William T and Rubin, Mark A},
    booktitle = {Computer Vision, IEEE International Conference on},
    volume = {2},
    pages = {273--273},
    year = {2003},
    organization = {IEEE Computer Society}
}

    @MISC{IoTPOT,
    author = {Yokohama National University},
    title = {IoT honeypot: Malware binaries},
    year = {2015},
    note = {[Online; accessed June 28, 2022]},
    url = {https://sec.ynu.codes/iot/available_datasets}
}

