@MISC{WEBSITE:1,
    HOWPUBLISHED = "https://www.gartner.com/en/doc/3869696-blockchain-based-transformation-a-gartner-trend-insight-report",
    AUTHOR = "Rajesh Kandaswamy, David Furlonger",
    TITLE = "Blockchain-Based Transformation",
    NOTE = "Accessed on 2022-05-08"
}